@online{diff,
    author    = "Electronics Tutorials",
    title     = "Operational Amplifier Basics - OpAmp tutorial",
    url       = "http://www.electronics-tutorials.ws/opamp/opamp_1.html",
    keywords  = "differential, OpAmp"
}

@online{bjt,
    author    = "Ruye Wang",
    title     = "Bipolar Junction Transistor (BJT)",
    url       = "http://fourier.eng.hmc.edu/e84/lectures/ch4/node3.html",
    keywords  = "bjt, transistor"
}

@online{circuit,
    author    = "Saddam",
    title     = "Dark and Light Indicator Circuit using Op amp IC LM358",
    url       = "https://circuitdigest.com/electronic-circuits/dark-and-light-indicator",
    keywords  = "circuit, scheme"
}